@InProceedings{Anderson95,
	author = "Thomas E. Anderson and Michael D. Dahlin and Jeanna M. Neefe and David A. Patterson and Drew S. Roselli and Randolph Y. Wang",
	title = "Serverless Network File Systems",
	booktitle = "Proc.\ of the 15th Symposium on Operating Systems Principles",
	year = "1995",
	pages = "109--126",
	address = "Copper Mountain Resort, Colorado",
}

@InProceedings{Borba12b,
	author = "Marcelo de Borba and Rafael Bohrer {\'A}vila",
	title = "Acesso Gratuito a {I}nternet - Uma proposta de cadastro
e autentica{\c{c}}{\~a}o para acesso {\`a} {I}nternet em locais
p{\'u}blicos",
	booktitle = "Anais da 10a.~Escola Regional de Redes de
Computadores, ERRC",
	address = "Pelotas, Brazil",
	year = "2012",
}

@Manual{Martins12,
	author = "Camila Quaresma Martins and Glória Acosta Santos and Rosana Machado Azambuja and Silvia Regina de Lima Veleda and Vivian Iracema Marques Rita",
	title = "Guia de Normalização",
	address = "Pelotas",
	publisher = "Coordenadoria da Biblioteca",
	year = 2012,
	note = "Dispon{\'\i}vel em: $<$http://www2.pelotas.ifsul.edu.br/mpet/docs/guia\_normalizacao\_ifsul\_pelotas_\2012.pdf$>$. Acesso em: set.~2015",
}

@Book{Stallings14,
	author = "William Stallings and Lawrie Brown",
	title = "Segurança de Computadores: princípios e práticas",
	address = "Rio de Janeiro",
	publisher = "Elsevier",
	year = 2014,
	edition = "2.",
	note = "ISBN 978-85-352-6449-4",
}

@Misc{Cham12,
	author = "Jorge Cham",
	title = "Ph{D} Comics",
	year = 2012,
	note = "Dispon{\'\i}vel em: <http://phd.stanford.edu/comics>. Acesso em: ago.~2012",
}

@PhDThesis{Flaumann05,
	author = "Fritz Gutenberg Flaumann",
	title = "Uma Proposta de Distribuição do Servidor de {GNU}s em Clusters",
	school = "Programa de Pós-Graduação em Computação, UFRGS",
	address = "Porto~Alegre",
	year = 2005,
	pages = 125,
}

@Article{Hayes08,
	author = "Brian Hayes",
	title = "Cloud Computing",
	journal = "Communications of the ACM",
	volume = 51,
	number = 7,
	address = "New York",
	month = jul,
	year = 2008,
	pages = "9--11",
	doi = "10.1145/1364782.1364786",
}

@TechReport{Hexsel04,
	author = "Roberto A. Hexsel",
	title = "Pequeno Manual da Escrita Técnica",
	number = "RT-DINF~004/2004",
	institution = "Departamento de Informática, Universidade Federal do Paraná",
	address = "Curitiba",
	year = 2004,
	note = "Dispon{\'\i}vel em: $<$http://www.inf.ufpr.br/pos/techreport/RT\_DINF004\_2004.pdf$>$. Acesso em: set.~2015",
}

@Misc{Moro11,
	author = "Moro, M.",
	title = "A Arte de Escrever Artigos Cient{\'\i}ficos",
	year = 2011,
	note = "Dispon{\'\i}vel em: $<$http://homepages.dcc.ufmg.br/{\char`~}mirella/doku.php?id=escrita$>$. Acesso em: set.~2015",
}

@Manual{NBR6023:2002,
	organization = "Associação Brasileira de Normas Técnicas",
	title = "{NBR}~6023: Informação e Documentação -- Referências -- Elaboração",
	address = "Rio de Janeiro",
	year = 2002,
}

@Manual{NBR14724:2011,
	organization = "Associação Brasileira de Normas Técnicas",
	title = "{NBR}~14724: Informação e Documentação -- Trabalhos Acadêmicos -- Apresentação",
	address = "Rio de Janeiro",
	year = 2011,
}

@MastersThesis{Teixeira09,
	author = "Marcelo Alves Teixeira",
	title = "lattes2latex: Uma Ferramenta para Conversão de Currículos {L}attes em Documentos {L}a{T}e{X}",
	year = 2009,
	type = "Trabalho de Conclus{\~a}o de Curso (Bacharelado em Ci{\^e}ncia da Computa{\c{c}}{\~a}o)",
	school = "Instituto de Inform{\'a}tica, Universidade Federal do Rio Grande do Sul",
	address = "Porto Alegre",
	pages = 82,
}
